<?xml version="1.0" encoding="UTF-8"?><collection xmlns="http://www.loc.gov/MARC21/slim"><record><leader>00454nam--2200145-i-4500</leader><controlfield tag="001">000000081</controlfield><controlfield tag="002">20161230</controlfield><controlfield tag="005">20161230201023</controlfield><controlfield tag="008">060222s1000------------r-----000-0-eng-d</controlfield><datafield ind1=" " ind2=" " tag="080"><subfield code="a">512.5</subfield></datafield><datafield ind1=" " ind2=" " tag="100"><subfield code="a">Froda, Alexandru</subfield></datafield><datafield ind1=" " ind2=" " tag="245"><subfield code="a">Algebra superioara.fundamente:multimi si operatii,divizibilitate,spatii liniare, forme patratice</subfield></datafield><datafield ind1=" " ind2=" " tag="260"><subfield code="a">Bucuresti, Editura Academiei Republicii Populare Romane.454 P</subfield></datafield><datafield ind1=" " ind2=" " tag="490"><subfield code="a">Biblioteca Matematica</subfield></datafield><datafield ind1=" " ind2=" " tag="852"><subfield code="a">5058</subfield></datafield></record></collection>